<record><leader>00000cas a2200000 a 4500</leader><controlfield tag="001">34181441</controlfield><controlfield tag="007">hd afu---baca</controlfield><controlfield tag="008">960213d186u1uuuwyucr nea     0    0eng d</controlfield><datafield ind1=" " ind2=" " tag="010"><subfield code="a">sn 95073772 </subfield></datafield><datafield ind1=" " ind2=" " tag="040"><subfield code="a">NVG</subfield><subfield code="b">eng</subfield><subfield code="c">NVG</subfield><subfield code="d">OCL</subfield><subfield code="d">OCLCQ</subfield><subfield code="d">OCLCO</subfield></datafield><datafield ind1="1" ind2=" " tag="029"><subfield code="a">AU@</subfield><subfield code="b">000020233844</subfield></datafield><datafield ind1=" " ind2=" " tag="042"><subfield code="a">msc</subfield></datafield><datafield ind1=" " ind2=" " tag="043"><subfield code="a">n-us-wy</subfield></datafield><datafield ind1="0" ind2="4" tag="245"><subfield code="a">The Sweetwater mines</subfield><subfield code="h">[microform].</subfield></datafield><datafield ind1=" " ind2=" " tag="260"><subfield code="a">Fort Bridger, U.T. [Wyo.] :</subfield><subfield code="b">Warren &amp; Hazard</subfield></datafield><datafield ind1=" " ind2=" " tag="300"><subfield code="a">v.</subfield></datafield><datafield ind1=" " ind2=" " tag="310"><subfield code="a">Semiweekly,</subfield><subfield code="b">&lt;May 27, 1868&gt;-</subfield></datafield><datafield ind1=" " ind2=" " tag="321"><subfield code="a">Triweekly,</subfield><subfield code="b">&lt;Mar. 21-Apr. 15, 1868&gt;</subfield></datafield><datafield ind1=" " ind2=" " tag="500"><subfield code="a">Imprint varies: Fort Bridger, U.T., &lt;Mar. 21-Apr. 15, 1868&gt;; South Pass City, D.T., &lt;May 27-Aug. 8, 1868&gt;; Bryan City, Wyo., &lt;Nov. 25, 1868-Jan. 23, 1869&gt;; and South Pass City, Wyo., &lt;Apr. 7, 1869&gt;-</subfield></datafield><datafield ind1=" " ind2=" " tag="588"><subfield code="a">Description based on: Vol. 1, no. 11 (Mar. 12 [i.e. 21], 1868).</subfield></datafield><datafield ind1=" " ind2=" " tag="533"><subfield code="a">Microfilm.</subfield><subfield code="b">[Berkeley, Calif.]</subfield><subfield code="c">Library Photographic Service, University of California.</subfield><subfield code="e">1 microfilm reel ; 35 mm.</subfield></datafield><datafield ind1=" " ind2="0" tag="651"><subfield code="a">Uinta County (Wyo.)</subfield><subfield code="v">Newspapers.</subfield></datafield><datafield ind1=" " ind2="0" tag="651"><subfield code="a">Fort Bridger (Wyo.)</subfield><subfield code="v">Newspapers.</subfield></datafield><datafield ind1=" " ind2="0" tag="651"><subfield code="a">Sweetwater County (Wyo.)</subfield><subfield code="v">Newspapers.</subfield></datafield><datafield ind1=" " ind2="0" tag="651"><subfield code="a">Bryan (Wyo.)</subfield><subfield code="v">Newspapers.</subfield></datafield><datafield ind1=" " ind2="0" tag="651"><subfield code="a">Fremont County (Wyo.)</subfield><subfield code="v">Newspapers.</subfield></datafield><datafield ind1=" " ind2="0" tag="651"><subfield code="a">South Pass City (Wyo.)</subfield><subfield code="v">Newspapers.</subfield></datafield><datafield ind1=" " ind2=" " tag="752"><subfield code="a">United States</subfield><subfield code="b">Wyoming</subfield><subfield code="c">Fremont</subfield><subfield code="d">South Pass City.</subfield></datafield><datafield ind1="1" ind2=" " tag="776"><subfield code="c">Original</subfield><subfield code="w">(DLC)sn 90051711</subfield></datafield></record>